<?xml version="1.0" encoding="UTF-8"?><record xmlns="http://www.loc.gov/MARC21/slim" xmlns:cinclude="http://apache.org/cocoon/include/1.0" xmlns:zs="http://www.loc.gov/zing/srw/">
  <leader>00989nz  a2200217n  4500</leader>
  <controlfield tag="001">n  97826831 </controlfield>
  <controlfield tag="003">DLC</controlfield>
  <controlfield tag="005">19970922083033.1</controlfield>
  <controlfield tag="008">970922n| acannaab|           n and     c</controlfield>
  <datafield tag="010" ind1=" " ind2=" ">
    <subfield code="a">n  97826831 </subfield>
  </datafield>
  <datafield tag="035" ind1=" " ind2=" ">
    <subfield code="a">(NN-PD)NN 300342374</subfield>
  </datafield>
  <datafield tag="040" ind1=" " ind2=" ">
    <subfield code="a">NN-PD</subfield>
    <subfield code="c">NN-PD</subfield>
  </datafield>
  <datafield tag="130" ind1=" " ind2="0">
    <subfield code="a">Fête chez Thérèse (Choreographic work : Stichel)</subfield>
  </datafield>
  <datafield tag="667" ind1=" " ind2=" ">
    <subfield code="a">Chor: Mlle Stichel; mus: Reynaldo Hahn; lib: Catulle Mendès.  First perf: Paris, Opéra, Feb 13 or 16, 1910.</subfield>
  </datafield>
  <datafield tag="667" ind1=" " ind2=" ">
    <subfield code="a">Data contributed by the Dance Heritage Coalition for the New York Public Library Dance Collection.</subfield>
  </datafield>
  <datafield tag="670" ind1=" " ind2=" ">
    <subfield code="a">*R-Dance Enc. spet.  Hahn.  Feb 13.</subfield>
  </datafield>
  <datafield tag="670" ind1=" " ind2=" ">
    <subfield code="a">*R-*MGTB (French)  Wolff.  L'Opéra au Palais Garnier, 1875-1961, p 278, Feb 13.</subfield>
  </datafield>
  <datafield tag="670" ind1=" " ind2=" ">
    <subfield code="a">Cage uncat.  Prod'homme.  L'Opéra, 1669-1920, p 128, Feb 16.</subfield>
  </datafield>
  <datafield tag="670" ind1=" " ind2=" ">
    <subfield code="a">*MGTB  Vaillat.  Ballet de l'Opéra de Paris, p 45, Feb 16.</subfield>
  </datafield>
  <datafield tag="670" ind1=" " ind2=" ">
    <subfield code="a">*R-Dance Enc. spet. Ind.-rep., Stichel (or Staats).</subfield>
  </datafield>
  <datafield tag="670" ind1=" " ind2=" ">
    <subfield code="a">NYPL Dict. Cat. of the Dance Coll., 1974-</subfield>
  </datafield>
</record>